@book{breiman_probability_1992,
	address = {Philadelphia},
	series = {Classics in applied mathematics},
	title = {Probability},
	isbn = {9780898712964},
	number = {7},
	publisher = {Society for Industrial and Applied Mathematics},
	author = {Breiman, Leo},
	year = {1992},
	keywords = {Probabilities},
}

@book{erdos1993combinatorics,
  title={Combinatorics, Paul Erdős is Eighty},
  author={Erdős, P. and Miklós, D. and Sós, V.T. and Szőnyi, T. and Bolyai János Matematikai Társulat},
  number={v. 2},
  isbn={9789638022752},
  lccn={98137570},
  series={Bolyai Society mathematical studies},
  year={1993},
  publisher={János Bolyai Mathematical Society}
}

@book{erdos_combinatorics_1993,
	address = {Budapest, Hungary},
	series = {Bolyai {Society} mathematical studies},
	title = {Combinatorics, {Paul} {Erdős} is eighty},
	isbn = {9789638022738 9789638022745 9789638022752},
	number = {1-[2]},
	publisher = {János Bolyai Mathematical Society},
	editor = {Erdős, Paul and Miklós, D. and Sós, Vera T. and Szőnyi, T. and {Bolyai János Matematikai Társulat}},
	year = {1993},
	keywords = {Erdős, Paul, Congresses, Combinatorial analysis, Congresses},
}


@article{NemkinOnlab1,
  author = {Nemkin Viktória},
 	journaltitle = {Budapesti Műszaki és Gazdaságtudományi Egyetem Önálló labor},
  title = {Kvantum gráfbolyongások},
  year = {2021},
}

@article{KabodiDiploma,
  author = {Kabódi László},
 	journaltitle = {Budapesti Műszaki és Gazdaságtudományi Egyetem Diplomaterv},
  title = {Kvantumalgoritmusok véletlen bolyongással},
  year = {2014},
}

# To delete:
@book{Wettl04,
  author    = {Ferenc Wettl and Gyula Mayer and Péter Szabó},
  publisher = {Panem Könyvkiadó},
  title     = {\LaTeX~kézikönyv},
  year      = {2004},
}

@article{Candy86,
  author       = {James C. Candy},
  journaltitle = {{IEEE} Trans.\ on Communications},
  month        = {01},
  note         = {\doi{10.1109/TCOM.1986.1096432}},
  number       = {1},
  pages        = {72--76},
  title        = {Decimation for Sigma Delta Modulation},
  volume       = {34},
  year         = {1986},
}

@inproceedings{Lee87,
  author    = {Wai L. Lee and Charles G. Sodini},
  booktitle = {Proc.\ of the IEEE International Symposium on Circuits and Systems},
  location  = {Philadelphia, PA, USA},
  month     = {05~4--7},
  pages     = {459--462},
  title     = {A Topology for Higher Order Interpolative Coders},
  vol       = {2},
  year      = {1987},
}

@thesis{KissPhD,
  author      = {Peter Kiss},
  institution = {Technical University of Timi\c{s}oara, Romania},
  month       = {04},
  title       = {Adaptive Digital Compensation of Analog Circuit Imperfections for Cascaded Delta-Sigma Analog-to-Digital Converters},
  type        = {phdthesis},
  year        = {2000},
}

@manual{Schreier00,
  author       = {Richard Schreier},
  month        = {01},
  note         = {\url{http://www.mathworks.com/matlabcentral/fileexchange/}},
  organization = {Oregon State University},
  title        = {The Delta-Sigma Toolbox v5.2},
  year         = {2000},
}

@misc{DipPortal,
  author       = {{Budapesti Műszaki és Gazdaságtudományi Egyetem Villamosmérnöki és Informatikai Kar}},
  howpublished = {\url{http://diplomaterv.vik.bme.hu/}},
  title        = {Diplomaterv portál (2011. február 26.)},
}

@incollection{Mkrtychev:1997,
  author    = {Mkrtychev, Alexey},
  booktitle = {Logical Foundations of Computer Science},
  doi       = {10.1007/3-540-63045-7_27},
  editor    = {Adian, Sergei and Nerode, Anil},
  isbn      = {978-3-540-63045-6},
  pages     = {266-275},
  publisher = {Springer Berlin Heidelberg},
  series    = {Lecture Notes in Computer Science},
  title     = {Models for the logic of proofs},
  url       = {http://dx.doi.org/10.1007/3-540-63045-7_27},
  volume    = {1234},
  year      = {1997},
}

@report{Jeney,
  author      = {Jeney, Gábor},
  institution = {Budapesti Műszaki és Gazdaságtudományi Egyetem, Híradástechnikai Tanszék},
  location    = {Budapest},
  note        = {\url{http://www.mcl.hu/~jeneyg/kinezet.pdf}},
  title       = {Hogyan néz ki egy igényes dokumentum? {N}éhány szóban az alapvető tipográfiai szabályokról},
  type        = {techreport},
  year        = {2014},
}

